@book{van2001course,
  title={A course in combinatorics},
  author={Van Lint, Jacobus Hendricus and Wilson, Richard Michael and Wilson, Richard Michael},
  year={2001},
  publisher={Cambridge university press}
}
